<collection xmlns="http://www.loc.gov/MARC21/slim">
<record>
  <leader>01684nam0a2200349 i 450 </leader>
  <controlfield tag="001">IT\ICCU\CNCE\058945</controlfield>
  <controlfield tag="005">20060308000000.0</controlfield>
  <datafield tag="012" ind1=" " ind2=" ">
    <subfield code="a">sadi a-ex noer chse (3) 1513 (R)</subfield>
    <subfield code="2">fei</subfield>
  </datafield>
  <datafield tag="100" ind1=" " ind2=" ">
    <subfield code="a">20040801d1513        0itac0103    ba</subfield>
  </datafield>
  <datafield tag="101" ind1=" " ind2=" ">
    <subfield code="a">ITA</subfield>
  </datafield>
  <datafield tag="102" ind1=" " ind2=" ">
    <subfield code="a">IT</subfield>
  </datafield>
  <datafield tag="200" ind1="1" ind2=" ">
    <subfield code="a">Legenda de sancto Bernardino</subfield>
  </datafield>
  <datafield tag="210" ind1=" " ind2=" ">
    <subfield code="e">In Venetia</subfield>
    <subfield code="g">stampata per Simone de Luere nela contrata de Sancto Cassiano</subfield>
    <subfield code="h">adi XVI luio 1513</subfield>
  </datafield>
  <datafield tag="215" ind1=" " ind2=" ">
    <subfield code="a">20 c.</subfield>
    <subfield code="d">4ʻ</subfield>
  </datafield>
  <datafield tag="620" ind1=" " ind2=" ">
    <subfield code="a">IT</subfield>
    <subfield code="d">Venezia</subfield>
  </datafield>
  <datafield tag="712" ind1="0" ind2="2">
    <subfield code="a">Simone da Lovere</subfield>
    <subfield code="3">IT\ICCU\CNCT\000598</subfield>
    <subfield code="4">650</subfield>
  </datafield>
  <datafield tag="791" ind1="0" ind2="0">
    <subfield code="a">Luere, Simon de</subfield>
    <subfield code="3">IT\ICCU\CNCT\003152</subfield>
    <subfield code="z">Simone da Lovere</subfield>
  </datafield>
  <datafield tag="791" ind1="0" ind2="2">
    <subfield code="a">Simon Luerensis</subfield>
    <subfield code="3">IT\ICCU\CNCT\005673</subfield>
    <subfield code="z">Simone da Lovere</subfield>
  </datafield>
  <datafield tag="791" ind1="0" ind2="0">
    <subfield code="a">Lovere, Simone de</subfield>
    <subfield code="3">IT\ICCU\CNCT\005674</subfield>
    <subfield code="z">Simone da Lovere</subfield>
  </datafield>
  <datafield tag="801" ind1=" " ind2="3">
    <subfield code="a">IT</subfield>
    <subfield code="b">ICCU</subfield>
    <subfield code="c">20201115</subfield>
  </datafield>
  <datafield tag="899" ind1=" " ind2=" ">
    <subfield code="a">Biblioteca civica A. Mai. Bergamo</subfield>
    <subfield code="1">BG0026</subfield>
    <subfield code="2">LO1 02</subfield>
  </datafield>
  <datafield tag="899" ind1=" " ind2=" ">
    <subfield code="a">Biblioteca universitaria. Bologna</subfield>
    <subfield code="1">BO0098</subfield>
    <subfield code="2">UBO BU</subfield>
  </datafield>
  <datafield tag="899" ind1=" " ind2=" ">
    <subfield code="a">Biblioteca comunale Alceste e Remigio Roccella. Piazza Armerina</subfield>
    <subfield code="1">EN0018</subfield>
    <subfield code="2">ZEN 04</subfield>
  </datafield>
  <datafield tag="899" ind1=" " ind2=" ">
    <subfield code="a">Biblioteca nazionale centrale. Firenze</subfield>
    <subfield code="1">FI0098</subfield>
    <subfield code="2">CFI CF</subfield>
  </datafield>
  <datafield tag="899" ind1=" " ind2=" ">
    <subfield code="a">Archivio storico civico e Biblioteca Trivulziana. Milano</subfield>
    <subfield code="1">MI0327</subfield>
    <subfield code="2">LO1 13</subfield>
  </datafield>
  <datafield tag="899" ind1=" " ind2=" ">
    <subfield code="a">Biblioteca comunale Federiciana. Fano</subfield>
    <subfield code="1">PU0018</subfield>
    <subfield code="2">URB FN</subfield>
  </datafield>
  <datafield tag="899" ind1=" " ind2=" ">
    <subfield code="a">Biblioteca Vallicelliana. Roma</subfield>
    <subfield code="1">RM0281</subfield>
    <subfield code="2">RML 08</subfield>
  </datafield>
  <datafield tag="899" ind1=" " ind2=" ">
    <subfield code="a">Biblioteca d&apos;arte del Museo civico Correr. Venezia</subfield>
    <subfield code="1">VE0039</subfield>
    <subfield code="2">VEA BC</subfield>
  </datafield>
  <datafield tag="899" ind1=" " ind2=" ">
    <subfield code="a">Biblioteca nazionale Marciana. Venezia</subfield>
    <subfield code="1">VE0049</subfield>
    <subfield code="2">VEA BM</subfield>
  </datafield>
  <datafield tag="899" ind1=" " ind2=" ">
    <subfield code="a">Biblioteche della Fondazione Giorgio Cini onlus. Venezia</subfield>
    <subfield code="1">VE0239</subfield>
    <subfield code="2">VEA FC</subfield>
  </datafield>
  <datafield tag="911" ind1=" " ind2=" ">
    <subfield code="a">sul coloph.</subfield>
    <subfield code="9">IT\ICCU\CNCM\000437</subfield>
  </datafield>
  <datafield tag="921" ind1=" " ind2=" ">
    <subfield code="a">IT\ICCU\CNCM\000437</subfield>
    <subfield code="b">Iniziali S. L. intrecciate (Simon de Luere).</subfield>
    <subfield code="c">K245</subfield>
    <subfield code="c">Z755</subfield>
    <subfield code="f">L</subfield>
    <subfield code="f">S</subfield>
    <subfield code="f">INIZIALI</subfield>
    <subfield code="g">1501-1513</subfield>
  </datafield>
</record>
</collection>
